@Article{Felsenstein81,
  author = "Felsenstein, J.",
  title = 	 "Evolutionary Trees from {DNA} Sequences: a Maximum
		  Likelihood Approach",
journal = "Journal of Molecular Evolution",
  year = 	 1981,
  volume = 	 17,
  pages = 	 "368-376"
}

@article{ThorneEtAl91,
author = {Thorne, J. L. and Kishino, H. and Felsenstein, J. },
title = {An Evolutionary Model for Maximum Likelihood Alignment of {DNA} Sequences},
journal = "Journal of Molecular Evolution",
year = 1991,
volume = 33,
pages = {114-124}
}

@Article{Yang95,
  author = 	 {Yang, Z.},
  title = 	 {A space-time process model for the evolution of {DNA} sequences.},
  journal = 	 "Genetics",
  year = 	 1995,
  volume = 	 139,
  pages = 	 {993-1005}
}

@Article{Holmes2020,
   Author="Holmes, I. ",
   Title="{A model of indel evolution by finite-state, continuous-time machines}",
   Journal="Genetics",
   Year="2020",
   Volume="216",
   Number="4",
   Pages="1187--1204",
   Month="12"
}

@article{HolmesBruno2001,
  author = 	 {Holmes, I. and Bruno, W. J.},
  title = 	 {Evolutionary {HMM}s: a {B}ayesian approach to multiple alignment},
  year =         2001,
  journal = "Bioinformatics",
  volume = 17,
  number = 9,
  pages = {803-820}
}

@article{RedelingsSuchard2007,
   author   = {Redelings, B. D. and Suchard, M. A.},
   year     = 2007,
   journal  = {BMC Evolutionary Biology},
   pages    = {40},
   title    = {Incorporating indel information into phylogeny estimation
              for rapidly emerging pathogens.},
   volume   = {7}
}

@article{RedelingsSuchard2005,
   author   = {Redelings, B. D. and Suchard, M. A.},
   year = 2005,
   journal  = {Systematic Biology},
   number   = {3},
   pages    = {401-418},
   title    = {Joint {B}ayesian estimation of alignment and phylogeny.},
   volume   = {54}
}


@ARTICLE{WestessonEtAl2012,
  title       = "Accurate reconstruction of insertion-deletion histories by
                 statistical phylogenetics",
  author      = "Westesson, O. and Lunter, G. and Paten, B. and
                 Holmes, I.",
  journal     = "PLoS One",
  volume      =  7,
  number      =  4,
  year        =  2012
}

@Article{KlostermanEtAl2006,
  author = 	 {Klosterman, P. S. and Uzilov, A. V. and Bendana, Y. R. and Bradley, R. K. and Chao, S. and Kosiol, C. and Goldman, N. and Holmes, I.},
  title = 	 {{XRate}: a fast prototyping, training and annotation tool for phylo-grammars},
  journal = 	 "BMC Bioinformatics",
  year = 	 2006,
  volume = 	 7,
  number = 	 428
}

@Article{WestessonHolmes2012,
   Author="Westesson, O.  and Holmes, I. ",
   Title="{{D}eveloping and applying heterogeneous phylogenetic models with {X}{R}ate}",
   Journal="PLoS One",
   Year="2012",
   Volume="7",
   Number="6",
   Pages="e36898"
}

@Article{Holmes2004,
   Author="Holmes, I. ",
   Title="{{A} probabilistic model for the evolution of {R}{N}{A} structure}",
   Journal="BMC Bioinformatics",
   Year="2004",
   Volume="5",
   Pages="166",
   Month="Oct"
}

@Article{SatijaEtAl2010,
   Author="Satija, R.  and Hein, J.  and Lunter, G. A. ",
   Title="{{G}enome-wide functional element detection using pairwise statistical alignment outperforms multiple genome footprinting techniques}",
   Journal="Bioinformatics",
   Year="2010",
   Volume="26",
   Number="17",
   Pages="2116--2120",
   Month="Sep"
}

@Article{KnudsenHein1999,
   Author="Knudsen, B.  and Hein, J. ",
   Title="{{R}{N}{A} secondary structure prediction using stochastic context-free grammars and evolutionary history}",
   Journal="Bioinformatics",
   Year="1999",
   Volume="15",
   Number="6",
   Pages="446--454",
   Month="Jun"
}

@Article{SteelHein2001,
  author = 	 {Steel, M. and Hein, J.},
  title = 	 {Applying the {T}horne-{K}ishino-{F}elsenstein model to sequence evolution on a star-shaped tree},
  journal = 	 {Applied Mathematics Letters},
  year = 	 2001,
  volume = 	 14,
  number = 	 6,
  pages = 	 {679-684}
}

@InProceedings{Hein2001,
  author = 	 {Hein, J.},
  title = 	 {An Algorithm for Statistical Alignment of Sequences Related by a Binary Tree},
  booktitle = 	 {Pacific Symposium on Biocomputing},
  pages = 	 {179-190},
  year = 	 {2001},
  editor = 	 {R. B. Altman and A. K. Dunker and L. Hunter and K. Lauderdale and T. E. Klein},
  publisher =    {World Scientific},
  address =      {Singapore}
}

@Article{Sankoff85,
  author = 	 {Sankoff, D.},
  title = 	 {Simultaneous solution of the {RNA} folding, alignment, and protosequence problems},
  journal = 	 "SIAM Journal of Applied Mathematics",
  year = 	 1985,
  volume = 	 45,
  pages = 	 {810-825}
}

@Article{SilvestreRyanEtAl2020,
   Author="Silvestre-Ryan, J.  and Wang, Y.  and Sharma, M.  and Lin, S.  and Shen, Y.  and Dider, S.  and Holmes, I. ",
   Title="{{M}achine {B}oss: rapid prototyping of bioinformatic automata}",
   Journal="Bioinformatics",
   Year="2020",
   Month="Jul"
}

@article{MolerVanLoan2003,
  added-at = {2016-01-04T06:33:46.000+0100},
  author = {Moler, C. and Van Loan, C.},
  biburl = {https://www.bibsonomy.org/bibtex/2c733c167ad484cff85233f5936446b9f/shabbychef},
  interhash = {13393b12f644b0172896123c460f0ab1},
  intrahash = {c733c167ad484cff85233f5936446b9f},
  journal = {SIAM Review},
  keywords = {linear-algebra matrix},
  number = 1,
  pages = {3-000},
  timestamp = {2016-01-04T06:33:46.000+0100},
  title = {Nineteen dubious ways to compute the exponential of a matrix, twenty-five years later},
  volume = 45,
  year = 2003
}

@Article{DormandPrince1980,
  author = 	 {Dormand, J. R. and Prince, P. J.},
  title = 	 {A family of embedded {R}unge-{K}utta formulae},
  journal = 	 {Journal of Computational and Applied Mathematics},
  year = 	 {1980},
  volume = 	 {6},
  number = 	 {1},
  pages = 	 {19-26}
}

